<record><leader>00000cas a22000007a 4500</leader><controlfield tag="001">13365403</controlfield><controlfield tag="008">860331d18991902aluwr ne      0    0eng d</controlfield><datafield ind1=" " ind2=" " tag="010"><subfield code="a">sn 86050134 </subfield></datafield><datafield ind1=" " ind2=" " tag="040"><subfield code="a">AAR</subfield><subfield code="b">eng</subfield><subfield code="c">AAR</subfield><subfield code="d">CPN</subfield><subfield code="d">OCLCQ</subfield></datafield><datafield ind1=" " ind2=" " tag="042"><subfield code="a">msc</subfield></datafield><datafield ind1="0" ind2=" " tag="130"><subfield code="a">News journal (Wedowee, Ala.)</subfield></datafield><datafield ind1="1" ind2="4" tag="245"><subfield code="a">The News journal.</subfield></datafield><datafield ind1=" " ind2=" " tag="260"><subfield code="a">Wedowee, Ala. :</subfield><subfield code="b">A.D. Starnes,</subfield><subfield code="c">1899-</subfield></datafield><datafield ind1=" " ind2=" " tag="300"><subfield code="a">v. :</subfield><subfield code="b">ill. ;</subfield><subfield code="c">55-57 cm.</subfield></datafield><datafield ind1=" " ind2=" " tag="310"><subfield code="a">Weekly</subfield></datafield><datafield ind1="0" ind2=" " tag="362"><subfield code="a">Jan. 6-13, 1899 ; v. 7, no. 8 (Jan. 20, 1899)-</subfield></datafield><datafield ind1="1" ind2=" " tag="362"><subfield code="a">Ceased in 1902.</subfield><subfield code="z">Cf. Gregory, W. Amer. newspapers.</subfield></datafield><datafield ind1=" " ind2=" " tag="752"><subfield code="a">United States</subfield><subfield code="b">Alabama</subfield><subfield code="c">Randolph</subfield><subfield code="d">Wedowee.</subfield></datafield><datafield ind1="0" ind2="1" tag="780"><subfield code="t">Randolph toiler</subfield><subfield code="w">(DLC)sn 86050133</subfield></datafield></record>